<record><leader>00000cas a2200000 a 4500</leader><controlfield tag="001">33191804</controlfield><controlfield tag="008">950922d18991905azuwr ne      0    0eng d</controlfield><datafield ind1=" " ind2=" " tag="010"><subfield code="a">sn 95060802 </subfield></datafield><datafield ind1=" " ind2=" " tag="040"><subfield code="a">ANN</subfield><subfield code="b">eng</subfield><subfield code="c">ANN</subfield><subfield code="d">OCLCQ</subfield><subfield code="d">OCLCF</subfield><subfield code="d">OCLCO</subfield></datafield><datafield ind1="1" ind2=" " tag="029"><subfield code="a">AU@</subfield><subfield code="b">000026411350</subfield></datafield><datafield ind1=" " ind2=" " tag="042"><subfield code="a">msc</subfield></datafield><datafield ind1=" " ind2=" " tag="043"><subfield code="a">n-us-az</subfield></datafield><datafield ind1="0" ind2=" " tag="130"><subfield code="a">Prospect (Prescott, Ariz.)</subfield></datafield><datafield ind1="1" ind2="4" tag="245"><subfield code="a">The Prospect.</subfield></datafield><datafield ind1="1" ind2="3" tag="246"><subfield code="a">Prescott prospect</subfield></datafield><datafield ind1=" " ind2=" " tag="260"><subfield code="a">Prescott, Ariz. :</subfield><subfield code="b">T. Shultz</subfield></datafield><datafield ind1=" " ind2=" " tag="300"><subfield code="a">v.</subfield></datafield><datafield ind1=" " ind2=" " tag="310"><subfield code="a">Weekly</subfield></datafield><datafield ind1="1" ind2=" " tag="362"><subfield code="a">Began in 1899; ceased in 1905.</subfield></datafield><datafield ind1=" " ind2=" " tag="500"><subfield code="a">Includes: Special mining edition, Jan. 1902; Special mining edition: Louisiana Purchase exhibition, 1904.</subfield></datafield><datafield ind1=" " ind2=" " tag="588"><subfield code="a">Description based on: Vol. 5, no. 52 (Oct. 15, 1899).</subfield></datafield><datafield ind1=" " ind2="0" tag="651"><subfield code="a">Prescott (Ariz.)</subfield><subfield code="v">Newspapers.</subfield></datafield><datafield ind1=" " ind2="0" tag="651"><subfield code="a">Yavapai County (Ariz.)</subfield><subfield code="v">Newspapers.</subfield></datafield><datafield ind1=" " ind2="7" tag="655"><subfield code="a">Newspapers.</subfield><subfield code="2">fast</subfield><subfield code="0">(OCoLC)fst01423814</subfield></datafield><datafield ind1=" " ind2="7" tag="651"><subfield code="a">Arizona</subfield><subfield code="z">Prescott.</subfield><subfield code="2">fast</subfield><subfield code="0">(OCoLC)fst01210000</subfield></datafield><datafield ind1=" " ind2="7" tag="651"><subfield code="a">Arizona</subfield><subfield code="z">Yavapai County.</subfield><subfield code="2">fast</subfield><subfield code="0">(OCoLC)fst01217120</subfield></datafield><datafield ind1=" " ind2=" " tag="752"><subfield code="a">United States</subfield><subfield code="b">Arizona</subfield><subfield code="c">Yavapai</subfield><subfield code="d">Prescott.</subfield></datafield><datafield ind1="0" ind2=" " tag="775"><subfield code="t">Daily prospect (Prescott, Ariz.)</subfield><subfield code="w">(DLC)sn 95060803</subfield></datafield><datafield ind1="0" ind2="0" tag="780"><subfield code="t">Pick and drill (Prescott, Ariz. : Weekly)</subfield><subfield code="w">(DLC)sn 95060797</subfield></datafield><datafield ind1="0" ind2="0" tag="785"><subfield code="t">Weekly prospect</subfield><subfield code="w">(DLC)sn 96060802</subfield></datafield></record>